<?xml version="1.0" encoding="UTF-8"?><collection xmlns="http://www.loc.gov/MARC21/slim"><record><leader>00451nam--2200181-u-4500</leader><controlfield tag="001">000052797</controlfield><controlfield tag="002">20161230</controlfield><controlfield tag="005">20161230201050</controlfield><controlfield tag="008">101102s1000------------r-----000-0-eng-d</controlfield><datafield ind1=" " ind2=" " tag="040"><subfield code="a">IFIN-HH</subfield></datafield><datafield ind1=" " ind2=" " tag="080"><subfield code="a">535:538.3:530.145:621.375.826</subfield></datafield><datafield ind1="1" ind2=" " tag="100"><subfield code="a">Harvey, A.F</subfield></datafield><datafield ind1="1" ind2="0" tag="245"><subfield code="a">Coherent light</subfield><subfield code="c">A.f. harvey</subfield></datafield><datafield ind1=" " ind2=" " tag="260"><subfield code="a">TORONTO</subfield><subfield code="b">Wiley-interscience</subfield><subfield code="c">1970</subfield></datafield><datafield ind1=" " ind2=" " tag="300"><subfield code="a">1329 P</subfield></datafield><datafield ind1=" " ind2="4" tag="650"><subfield code="a">Light</subfield></datafield><datafield ind1=" " ind2=" " tag="852"><subfield code="a">36547</subfield><subfield code="c">535</subfield></datafield><datafield ind1=" " ind2=" " tag="CAT"><subfield code="a">Sys</subfield><subfield code="c">20101102</subfield><subfield code="h">113726</subfield></datafield></record></collection>